% Encoding: UTF-8

@InProceedings{Winery,
  author    = {Oliver Kopp and others},
  title     = {{Winery -- A Modeling Tool for {TOSCA}-based Cloud Applications}},
  booktitle = {Proceedings of 11\textsuperscript{th} International Conference on Service-Oriented Computing (ICSOC'13)},
  year      = {2013},
  volume    = {8274},
  series    = {LNCS},
  pages     = {700--704},
  publisher = {Springer Berlin Heidelberg},
  doi       = {10.1007/978-3-642-45005-1_64},
  keywords  = {Cloud Applications; Modeling; TOSCA; Management; Portability},
}

@Manual{mwe,
  author = {Martin Scharrer},
  title  = {The \texttt{mwe} Package},
  year   = {2017},
  url    = {http://texdoc.net/mwe},
}

@Comment{jabref-meta: databaseType:bibtex;}
